%% This BibTeX bibliography file was created using BibDesk.
%% http://bibdesk.sourceforge.net/

%% Created for Marty Allen at 2017-12-05 19:13:25 -0600 


%% Saved with string encoding Unicode (UTF-8) 



@inproceedings{mahendran15,
	Address = {Boston, MA},
	Author = {Aravindh Mahendran and Andrea Vedaldi},
	Booktitle = {Proceedings of the {IEEE} Conference on Computer Vision and Pattern Recognition},
	Date-Added = {2017-12-06 01:11:21 +0000},
	Date-Modified = {2017-12-06 01:13:23 +0000},
	Pages = {5188--5196},
	Title = {Understanding deep image representations by inverting them},
	Year = {2015}}

@techreport{Erhan09,
	Author = {Dumitru Erhan and Yoshua Bengio and Aaron Courville and Pascal Vincent},
	Date-Added = {2017-12-06 00:51:17 +0000},
	Date-Modified = {2017-12-06 00:59:17 +0000},
	Institution = {Universit\'{e} de Montr\'{e}al},
	Title = {Visualizing Higher-Layer Features of a Deep Network},
	Year = {2009}}

@misc{deepdreamsite,
	Author = {Alexander Mordvintsev and Christopher Olah and Mike Tyka},
	Howpublished = {\url{http://tinyurl.com/yam7yobs}},
	Note = {Originally published as a Google Research Blog post. Last retrieved from Internet Archive: 05 December 2017},
	Title = {Inceptionism: Going Deeper into Neural Networks},
	Year = 2015}

@article{Dreyfus90,
	Author = {Stuart E. Dreyfus},
	Journal = {Journal of Guidance Control Dynamics},
	Month = sep,
	Pages = {926-928},
	Title = {Artificial neural networks, back propagation, and the {K}elley-{B}ryson gradient procedure},
	Volume = 13,
	Year = 1990}

@book{Goodfellow16,
	Address = {Boston, MA},
	Author = {Ian Goodfellow and Yoshua Bengio and Aaron Courville},
	Publisher = {MIT Press},
	Title = {Deep Learning},
	Year = 2016}

@article{Hinton06,
	Author = {G. E. Hinton and S. Osindero and Y. Teh},
	Journal = {Neural Computation},
	Pages = {1527--1554},
	Title = {A fast learning algorithm for deep belief nets},
	Volume = 18,
	Year = 2006}

@inproceedings{LeCun98,
	Author = {Yann LeCun and L\'{e}on Bottou and Yoshua Bengio and Patrick Haffner},
	Booktitle = {Proceedings of the {IEEE}},
	Pages = {2278--2324},
	Title = {Gradient-Based Learning Applied to Document Recognition},
	Volume = 11,
	Year = 1986}

@inproceedings{Lewis88,
	Address = {San Diego, CA},
	Author = {J. P. Lewis},
	Booktitle = {Proceedings of the {IEEE} International Conference on Neural Networks},
	Date-Modified = {2017-12-06 01:00:30 +0000},
	Pages = {229--233},
	Title = {Creation by Refinement: A Creativity Paradigm for Gradient Descent Learning Networks},
	Volume = 2,
	Year = 1988}

@article{Olah17,
	Author = {Chris Olah and Alexander Mordvintsev and Ludwig Schubert},
	Howpublished = {\url{https://distill.pub/2017/feature-visualization/}},
	Journal = {Distill},
	Title = {Feature Visualization: How Neural Networks Build Up Their Understanding of Images},
	Year = 2017}

@article{Rumelhart86,
	Author = {David E. Rumelhart and Geoffrey E. Hinton and Ronald J. Williams},
	Journal = {Nature},
	Pages = {533--536},
	Title = {Learning representations by back-propagating errors},
	Volume = 323,
	Year = 1986}

@book{RussellNorvig10,
	Address = {Upper Saddle River, NJ},
	Author = {Stuart Russell and Peter Norvig},
	Edition = {3rd},
	Publisher = {Prentice Hall},
	Title = {Artificial Intelligence: A Modern Approach},
	Year = 2010}
